@article{<++>,
	title={<++>},
	author={<++>},
	date={<++>},
	url={<++>},
	urldate={<++>},
	journal={<++>},
	keywords={<++>},
}
