@book{example2021,
	title={An placeholder latex citation},
	author={John doe},
	year={2019},
	editor={Jane doe},
	publisher={Random pulisher},
	location={Stockholm},
	edition={3},
	isbn={9783161484100},
}
