@online{example1999,
        title={<++>},
        organization={<++>},
        date={<++>},
        urldate={<++>},
        note={Last updated <++>},
        url={<++>},
}
